<record><leader>02899nam a2200469 i 4500</leader><controlfield tag="001">6748896</controlfield><controlfield tag="003">FlBoTFG</controlfield><controlfield tag="005">20141121161956.0</controlfield><controlfield tag="006">m|||||o||d||||||||</controlfield><controlfield tag="007">cr||||</controlfield><controlfield tag="008">141121t20152015ne ad   ob    101 0 eng d</controlfield><datafield ind1=" " ind2=" " tag="020"><subfield code="a">9781315732107 (e-book : PDF)</subfield></datafield><datafield ind1=" " ind2=" " tag="035"><subfield code="a">ocn894508669</subfield></datafield><datafield ind1=" " ind2=" " tag="039"><subfield code="a">exclude</subfield></datafield><datafield ind1=" " ind2=" " tag="040"><subfield code="a">FlBoTFG</subfield><subfield code="b">eng</subfield><subfield code="c">FlBoTFG</subfield><subfield code="e">rda</subfield><subfield code="d">AEU</subfield></datafield><datafield ind1=" " ind2="4" tag="050"><subfield code="a">TA174</subfield><subfield code="b">.I58 2014</subfield></datafield><datafield ind1=" " ind2=" " tag="090"><subfield code="a">Internet Access</subfield><subfield code="b">AEU</subfield></datafield><datafield ind1="2" ind2=" " tag="111"><subfield code="a">International Conference on Engineering Optimization (ENGOPT)</subfield><subfield code="d">(2014 :</subfield><subfield code="c">Lisbon, Portugal).</subfield><subfield code="j">Author.</subfield></datafield><datafield ind1="1" ind2="0" tag="245"><subfield code="a">Engineering optimization IV :</subfield><subfield code="b">proceedings of the International Conference on Engineering Optimization (ENGOPT 2014), Lisbon, Portugal, 8-11 September 2014 /</subfield><subfield code="c">editors, H.C. Rodrigues, LAETA, IDMEC, Instituto Superior T&#233;cnico, Universidade de Lisboa, Lisbon, Portugal, J. Herskovits, COPPE, Federal University of Rio de Janeiro, Rio de Janeiro, Brazil, C.M. Mota Soares, J.M. Guedes, A.L. Ara&#250;jo &amp; J.O. Folgado, LAETA, IDMEC, Instituto Superior T&#233;cnico, Universidade de Lisboa, Lisbon, Portugal, F. Moleiro &amp; J.F.A. Madeira, LAETA, IDMEC, Instituto Superior T&#233;cnico, Universidade de Lisboa, Lisbon, Portugal and ISEL : Instituto Superior de Engenharia de Lisboa, Lisbon, Portugal.</subfield></datafield><datafield ind1=" " ind2="1" tag="264"><subfield code="a">Leiden, The Netherlands :</subfield><subfield code="b">CRC Press/Balkema,</subfield><subfield code="c">[2015]</subfield></datafield><datafield ind1=" " ind2="4" tag="264"><subfield code="c">&#169;2015</subfield></datafield><datafield ind1=" " ind2=" " tag="300"><subfield code="a">1 online resource.</subfield></datafield><datafield ind1=" " ind2=" " tag="336"><subfield code="a">text</subfield><subfield code="2">rdacontent</subfield></datafield><datafield ind1=" " ind2=" " tag="337"><subfield code="a">computer</subfield><subfield code="2">rdamedia</subfield></datafield><datafield ind1=" " ind2=" " tag="338"><subfield code="a">online resource</subfield><subfield code="2">rdacarrier</subfield></datafield><datafield ind1=" " ind2=" " tag="500"><subfield code="a">"A Balkema book."</subfield></datafield><datafield ind1=" " ind2=" " tag="504"><subfield code="a">Includes bibliographical references and index.</subfield></datafield><datafield ind1="0" ind2=" " tag="505"><subfield code="a">Numerical optimization techniques -- Design optimization and inverse problems -- Efficient analysis and reanalysis techniques -- Sensitivity analysis -- Industrial applications -- MS01 : topology optimization for structural static and dynamic failures -- MS02 : optimization in oil and gas industries -- MS03 : new advances in derivative-free optimization methods for engineering optimization -- MS04 : optimization methods in biomechanics and biomedical engineering -- MS05 : optimization of laminated composite structures -- MS06 : inverse problems in engineering.</subfield></datafield><datafield ind1=" " ind2=" " tag="596"><subfield code="a">44</subfield></datafield><datafield ind1=" " ind2="0" tag="650"><subfield code="a">Engineering design</subfield><subfield code="v">Congresses.</subfield></datafield><datafield ind1="1" ind2=" " tag="700"><subfield code="a">Rodrigues, H. C.,</subfield><subfield code="e">editor.</subfield></datafield><datafield ind1="1" ind2=" " tag="700"><subfield code="a">Herskovits, Janet L.,</subfield><subfield code="e">editor.</subfield></datafield><datafield ind1="1" ind2=" " tag="700"><subfield code="a">Soares, C. M. Mota,</subfield><subfield code="e">editor.</subfield></datafield><datafield ind1="1" ind2=" " tag="700"><subfield code="a">Guedes, J. M.,</subfield><subfield code="e">editor.</subfield></datafield><datafield ind1="1" ind2=" " tag="700"><subfield code="a">Ara&#250;jo, A. L.,</subfield><subfield code="e">editor.</subfield></datafield><datafield ind1="1" ind2=" " tag="700"><subfield code="a">Folgado, J. O.,</subfield><subfield code="e">editor.</subfield></datafield><datafield ind1="1" ind2=" " tag="700"><subfield code="a">Moleiro, F.,</subfield><subfield code="e">editor.</subfield></datafield><datafield ind1="1" ind2=" " tag="700"><subfield code="a">Madeira, J. F. A.,</subfield><subfield code="e">editor.</subfield></datafield><datafield ind1="2" ind2=" " tag="711"><subfield code="a">International Conference on Engineering Optimization (ENGOPT)</subfield></datafield><datafield ind1="4" ind2="0" tag="856"><subfield code="3">University of Alberta Access</subfield><subfield code="u">http://marc.crcnetbase.com/isbn/9781315732107</subfield><subfield code="z">(Unlimited Concurrent Users)</subfield></datafield><datafield ind1=" " ind2=" " tag="949"><subfield code="h">UAIN</subfield><subfield code="z">CRC</subfield></datafield><datafield ind1=" " ind2=" " tag="926"><subfield code="a">Internet Access</subfield><subfield code="w">LC</subfield><subfield code="c">1</subfield><subfield code="i">6748896-1001</subfield><subfield code="l">INTERNET</subfield><subfield code="m">UAINTERNET</subfield><subfield code="r">Y</subfield><subfield code="s">Y</subfield><subfield code="t">E-RESOURCE</subfield><subfield code="u">12/2/2014</subfield><subfield code="x">E-BOOK</subfield><subfield code="z">CRC</subfield></datafield></record>